@online
{
	SharkFW,
	author = {Prof. Dr. Thomas Schwotzer},
	title = {Shark framework},
	url = {http://www.sharksystem.net/},
	urldate = {2015-08-31}
}